<?xml version="1.0" encoding="UTF-8"?><collection xmlns="http://www.loc.gov/MARC21/slim"><record><leader>00374nam--2200133-i-4500</leader><controlfield tag="001">000047241</controlfield><controlfield tag="002">20161230</controlfield><controlfield tag="005">20161230201046</controlfield><controlfield tag="008">060222s1000------------r-----000-0-eng-d</controlfield><datafield ind1=" " ind2=" " tag="080"><subfield code="a">53.08</subfield></datafield><datafield ind1=" " ind2=" " tag="100"><subfield code="a">Whitehead,T.N</subfield></datafield><datafield ind1=" " ind2=" " tag="245"><subfield code="a">The design and use of instruments and accurate mechanism,underlying principles</subfield></datafield><datafield ind1=" " ind2=" " tag="260"><subfield code="a">New York, Dover Publ.,1954. Xiv + 283 P</subfield></datafield><datafield ind1=" " ind2=" " tag="852"><subfield code="a">12792</subfield></datafield></record></collection>